

@article{compPerf,
title={A Performance Comparison of {SQL and NoSQL} Databases},
author={Yishan Li and Sathiamoorthy Manoharan},
journal={IEEE Pacific RIM Conference on Communications, Computers, and Signal Processing - Proceedings},
pages={15-19},
month={August},
year={2013},
howpublished={\url{https://www.researchgate.net/profile/Yishan_Li/publication/261079289_A_performance_comparison_of_SQL_and_NoSQL_databases/links/564fbcf708aeafc2aab3ff73.pdf}}
}

@article{benchmarkIntro,
title = {A Practitioner's Introduction to Database Performance Benchmarks and Measurements},
journal = {The Computer Journal},
volume = {35},
number = {4},
pages = {322-331},
year = {1992},
author={S. W. Dietrich and M. Brown and E. Cortes-Rello and S. Wunderlin},
howpublished={\url{https://academic.oup.com/comjnl/article/35/4/322/348187}},
}

@misc{noSQL_online,
title={Your Ultimate Guide to the Non-Relational Universe!},
author={unknown},
howpublished={\url{http://nosql-database.org/}},
year={2011},
note={[Last Accessed: 02 Dec 2018]}
}

@article{NoSQL_liveUp,
title={Will {NoSQL} Databases Live Up to Their Promise?},
author={Neal Leavitt},
journal={IEEE Computer},
month={January},
year={2010},
pages={12-14},
howpublished={\url{http://www.leavcom.com/pdf/NoSQL.pdf}}
}

@misc{apacheCassandra,
title={What is {Cassandra}?},
author={Apache Software Foundation},
howpublished={\url{http://cassandra.apache.org/}},
year={2018},
note={[Last Accessed: 02 Dec 2018]}
}

@misc{crud,
title={What is {CRUD}?},
author={Codecadamy},
year={2018},
howpublished={\url{https://www.codecademy.com/articles/what-is-crud}},
note={[Last Accessed: 04 Dec 2018]}
}

@article{casForGenomic,
title={Evaluating the {Cassandra} {NoSQL} Database Approach for Genomic Data Persistency},
author={Rodrigo Aniceto and Rene Xavier and  Valeria Guimar√£es et al},
journal={International Journal of Genomics},
year={2015},
pages={7},
howpublished={\url{https://www.hindawi.com/journals/ijg/2015/502795/}}
}

@misc{sherman,
title={Designing a Cassandra Data Model},
author={Chris Sherman},
year={2017},
month={April},
howpublished={\url{https://shermandigital.com/blog/designing-a-cassandra-data-model/}},
note={[Last Accessed: 09 Dec 2018]}
}

@misc{casLimits,
title={CQL Limits},
author={Datastax},
year={2018},
howpublished={\url{https://docs.datastax.com/en/cql/3.3/cql/cql_reference/refLimits.html}},
note={[Last Accessed: 09 Dec 2019]}
}

@misc{riseNoSQL,
title={{RDBMS} dominate the database market, but {NoSQL} systems are catching up},
author={Paul Adlinger},
year={2013},
month={November},
howpublished={\url{https://db-engines.com/en/blog_post/23}},
note={[Last Accessed: 11/Dec2018]}
}

@misc{amazonFuture,
title={{Amazon} GOES BACK TO THE FUTURE WITH '{NOSQL}' DATABASE},
author={Caleb Garling},
year={2012},
howpublished={\url{https://www.wired.com/2012/01/amazon-dynamodb/}},
note={[Last Accessed; 11 Dec2018]}
}

@misc{nonsenSQL,
title={History Repeats Itself: Sensible and {NonsenSQL} Aspects of the {NoSQL} Hoopla},
author={C. Mohan},
year={2012},
howpublished={\url{http://openproceedings.org/2013/conf/edbt/Mohan13.pdf}},
note={[Last Accessed: 11 Dec 2018]}
}

@misc{cassandraBasics,
title={Basic Rules of Cassandra Data Modeling},
author={Tyler Hobbs},
year={2015},
howpublished={\url{https://www.datastax.com/dev/blog/basic-rules-of-cassandra-data-modeling}},
note={[Last Accessed: 11 Dec 2018]}
}

@misc{cassandraKey,
title={The most important thing to know in Cassandra data modeling: The primary key},
author={Patrick McFadin},
year={2016},
howpublished={\url{https://www.datastax.com/dev/blog/the-most-important-thing-to-know-in-cassandra-data-modeling-the-primary-key}},
note={[Last Accessed: 12 Dec 2018]}
}

@misc{cassandraRead,
title={How Cassandra reads and writes data},
author={Datastax Inc},
year={2018},
howpublished={\url{https://docs.datastax.com/en/cassandra/3.0/cassandra/dml/dmlIntro.html}},
note={[Last Accessed: 12 Dec 2018]}
}

@misc{cassandraBenchmarks,
title={Apache Cassandra {NoSQL} Performance Benchmarks},
author={Datastax Academy},
year={2012},
howpublished={\url{https://academy.datastax.com/planet-cassandra/nosql-performance-benchmarks}},
note={[Last Accessed: 12 Dec 2018]}
}

@misc{ctoAnalysis,
title={Wide vs Narrow Partitions on Datastax},
author={CTO-BOOST},
year={2017},
howpublsihed={\url{https://ctoboost.com/wide-vs-narrow-partitions-on-datastax/}},
note={[Last Accessed: 12 Dec 2018]}
}

@misc{myGit,
title={{GitHub}: {SonkeWohler}/{researchMethods}},
author={Sonke Wohler},
year={2018},
howpublished={\url{https://github.com/SonkeWohler/researchMethods}},
note={[Last Updated: 11 Dec 2018]}
}

@misc{gitDriver,
title={{DataStax} Java Driver for {Apache Cassandra}},
author={datastax},
year={2018},
howpublised={\url{https://github.com/datastax/java-driver}},
note={[Last Accessed: 13 Dec 2018]}
}

@misc{workstation,
title={HP ZBook 17 G4},
author={HP},
howpublished={\url{http://h20195.www2.hp.com/v2/default.aspx?cc=uk&lc=en&oid=14840018}}
}

@misc{centLimit,
title={Understanding The Central Limit Theorem},
author={Madhav Mishra},
year={2018},
howpublished={\url{https://towardsdatascience.com/understanding-the-central-limit-theorem-642473c63ad8}},
note={[Last Accessed: 12 Dec 2018]}
}