@article{cloudOil,
    title = {Cloud computing in the upstream oil and gas industry: A proposed way forward},
    author = {Robert K. Perrons and Adam Hems},
    journal = {Energy Policy},
    volume = {56},
    pages = {732 - 737},
    year = {2013},
    howpublished= {\url{http://www.sciencedirect.com/science/article/pii/S0301421513000232}}
}

@article{chickenEgg,
    title={Computational sciences in the upstream oil and gas industry},
    author={Thomas C. Halsey},
    journal={Philosophical transactions. Series A, Mathematical, Physical, and Engineering Sciences},
    volume={374},
    pages={2078},
    year={2016},
    howpublished={\url{https://www.ncbi.nlm.nih.gov/pmc/articles/PMC5014302/}}
}

@book{gasBook,
    title={Gas Conditioning and Processing-Vol 1: The Basic Principles},
    author={John M. Campbell et al},
    publisher={John M Campbell and Company},
    year={2004}
}

@misc{PX-lecture,
title={Mathematical Modelling Introduction Lecture},
author={Dr Marco Thiel},
year={2018},
publisher={University of Aberdeen}
}

@book{modelling,
title={Principles of Mathematical Modelling},
author={Clive L. Dym},
publisher={Harvey Mudd College Claremont, California},
year={2004}
}