@book{gasBook,
title={Gas Conditioning and Processing-Vol 1: The Basic Principles},
author={John M. Campbell et al},
publisher={John M Campbell and Company},
year={2004}
}

@book{dataBook,
title={Engineering Data Book},
author={Gas Processors Suppliers Association},
publisher={Gas Processors Suppliers Association},
year={2004}
}

@article{cloudOil,
title = {Cloud computing in the upstream oil and gas industry: A proposed way forward},
author = {Robert K. Perrons and Adam Hems},
journal = {Energy Policy},
volume = {56},
pages = {732 - 737},
year = {2013},
howpublished= {\url{http://www.sciencedirect.com/science/article/pii/S0301421513000232}}
}

@article{chickenEgg,
title={Computational sciences in the upstream oil and gas industry},
author={Thomas C. Halsey},
journal={Philosophical transactions. Series A, Mathematical, Physical, and Engineering Sciences},
volume={374},
pages={2078},
year={2016},
howpublished={\url{https://www.ncbi.nlm.nih.gov/pmc/articles/PMC5014302/}}
}%Section 4 has some good points plaguing us ("Chicken and Egg Probelm")

@misc{hydrateFormation,
title={Hydrate Problems in Production},
author={PetroWkiki},
publisher={SPE International},
year={2013},
howpublished={\url{https://petrowiki.org/Hydrate_problems_in_production}},
note={[Last Accessed: 27 Nov 2018]}
}

@book{gasFoundations,
title={Fundamentals of Natural Gas Conditioning},
author={R N Curry},
publisher={PennWellBooks},
year={1981}
}

